3256 5048
447 598 472 653 2.
491 597 577 669 Opera
593 596 697 655 minora
712 614 738 669 p.
757 600 800 655 64.

499 684 530 740 Β.
549 684 662 741 convita
679 701 705 755 p.
723 684 765 741 64

500 770 529 828 6.
547 772 587 828 De
604 771 710 843 vulgari
726 772 884 844 Eloquentia
901 791 926 845 p.
944 776 986 832 64.

481 859 533 915 ’1).
551 858 684 928 Epistolae
701 875 728 930 p.
745 859 787 916 65.

500 945 532 1000 Ε.
550 945 591 1000 Dc
608 945 762 1001 Monarchia
778 964 803 1017 p.
822 948 864 1004 65.
941 959 944 965 ’

500 1030 530 1086 F.
548 1031 625 1086 Rime
641 1048 667 1102 p.
686 1034 728 1089 66.

501 1116 534 1174 G.
550 1118 615 1174 Vita
631 1133 718 1174 nuova
734 1134 759 1189 p.
778 1119 820 1176 66.

161 1276 163 1281 -
242 1238 382 1310 Appendix
399 1255 424 1308 p.
442 1238 484 1294 67.

708 1364 912 1373 ----—-——-—-

243 1516 404 1587 Conspectus
421 1515 573 1570 tabularum
590 1515 715 1570 Divinam
726 1514 896 1571 comoediam
913 1516 955 1571 uel
972 1516 1041 1583 66116,
1059 1517 1101 1572 vel
1119 1516 1228 1582 calamo,
1245 1516 1377 1585 6616661-

449 1602 510 1656 cillo
528 1601 654 1656 adhibitis
671 1594 878 1669 illustrantium,
902 1618 967 1672 quaa
983 1602 1147 1657 Philalethes
1164 1604 1193 1658 in
1210 1601 1376 1657 Bibliotheca

448 1689 555 1743 secundi
569 1689 673 1759 generis
683 1687 828 1759 Principali
836 1687 977 1744 Dresdcnsi
988 1705 1069 1761 usque
1080 1688 1115 1744 sd
1127 1706 1149 1744 a.
1159 1686 1375 1745 MDCCCLXXI.

449 1775 558 1845 collegit
574 1792 600 1845 p.
619 1776 661 1833 68.
700 1814 703 1820 -

242 1862 372 1920 Addenda
389 1864 418 1919 et
435 1859 596 1933 Corrigenda
612 1878 638 1933 p.
657 1862 698 1918 77.

712 2072 910 2137 Indices.

272 2227 295 2282 Ι.
312 2226 394 2283 Index
411 2226 556 2281 ductorum
574 2227 609 2297 et¹
618 2224 757 2281 Artificum
775 2243 802 2296 p.
820 2226 861 2282 79.

255 2313 293 2368 11.
310 2312 393 2369 Index
415 2313 543 2368 Locorum
565 2312 677 2368 Diuinae
701 2311 856 2373 Comoedias
879 2314 921 2369 vel
944 2312 1049 2382 scriptis
1071 2312 1113 2368 vel
1136 2310 1236 2367 tabulis
1259 2312 1377 2368 illustra·

243 2486 296 2541 lII.
313 2486 395 2541 Index
407 2401 580 2542 Pcrtdddlddudd
592 2399 729 2540 d3t6ltenum
741 2485 853 2541 Divinae
864 2482 1020 2542 comoediae
1035 2485 1078 2540 vel
1095 2485 1200 2555 scsiptis
1216 2486 1259 2540 vol
1276 2484 1378 2541 tabulis

409 2564 419 2589 ’
448 2572 640 2628 illustratamm
657 2588 683 2642 p.
700 2573 742 2628 88.

654 2765 960 2796 ..ῃ-,ομ

243 2967 267 3021 A
291 2966 444 3024 Lectoribus
466 2967 612 3033 benevolis,
635 2970 779 3039 antequem
805 2967 1034 3040 Bibliographiam
1056 2968 1189 3023 Danteem
1212 2970 1376 3039 percurrant,

437 3054 580 3125 petendum
596 3057 645 3120 est,
663 3058 694 3110 66
710 3055 775 3110 haec
792 3057 917 3113 memoria
935 3052 1169 3125 comprehendant:

347 3174 499 3242 Librorum,
523 3192 588 3246 quos
604 3175 660 3246 ipsc
677 3192 730 3230 non
748 3176 814 3243 vidi,
837 3176 912 3233 tituli
934 3176 1070 3232 asteriscis.
1081 3175 1238 3247 praepositis
1254 3175 1377 3246 insigniti

242 3263 313 3327 sunt,
332 3263 431 3316 ceteros
448 3270 509 3317 vero
526 3262 619 3330 libros,
637 3279 748 3334 quorum
765 3263 840 3318 tituli
857 3262 986 3321 asteriscis
1002 3265 1105 3331 uacant,
1122 3264 1297 3334 mihimetipsi
1315 3280 1377 3319 con-

242 3348 310 3403 ferre
326 3347 454 3502 hddlodm,
481 3452 532 3507 quo
556 3435 725 3493 altitudinem
750 3439 778 3492 66
800 3436 970 3495 latitudinem
994 3438 1147 3495 tabularum
1171 3436 1310 3503 constitui,
1336 3438 1377 3492 est

243 3521 446 3593 francogallicus
463 3522 482 3579 i.
502 3537 524 3578 e.
542 3521 698 3580 6666166666
714 3525 742 3579 et
758 3522 919 3581 malinam.
